/Users/jun/Documents/My_Library.bib